@inproceedings{DBLP:conf/eurocrypt/BauchBVLV17,
  author    = {Jens Bauch and
               Daniel J. Bernstein and
               Henry de Valence and
               Tanja Lange and
               Christine van Vredendaal},
  title     = {Short Generators Without Quantum Computers: The Case of Multiquadratics},
  booktitle = {Advances in Cryptology - {EUROCRYPT} 2017 - 36th Annual International
               Conference on the Theory and Applications of Cryptographic Techniques,
               Paris, France, April 30 - May 4, 2017, Proceedings, Part {I}},
  pages     = {27--59},
  year      = {2017},
  crossref  = {DBLP:conf/eurocrypt/2017-1},
  url       = {https://doi.org/10.1007/978-3-319-56620-7_2},
  doi       = {10.1007/978-3-319-56620-7_2},
  timestamp = {Wed, 24 May 2017 08:31:22 +0200},
  biburl    = {http://dblp.uni-trier.de/rec/bib/conf/eurocrypt/BauchBVLV17},
  bibsource = {dblp computer science bibliography, http://dblp.org}
}
@proceedings{DBLP:conf/eurocrypt/2017-1,
  editor    = {Jean{-}S{\'{e}}bastien Coron and
               Jesper Buus Nielsen},
  title     = {Advances in Cryptology - {EUROCRYPT} 2017 - 36th Annual International
               Conference on the Theory and Applications of Cryptographic Techniques,
               Paris, France, April 30 - May 4, 2017, Proceedings, Part {I}},
  series    = {Lecture Notes in Computer Science},
  volume    = {10210},
  year      = {2017},
  url       = {https://doi.org/10.1007/978-3-319-56620-7},
  doi       = {10.1007/978-3-319-56620-7},
  isbn      = {978-3-319-56619-1},
  timestamp = {Wed, 24 May 2017 08:31:22 +0200},
  biburl    = {http://dblp.uni-trier.de/rec/bib/conf/eurocrypt/2017-1},
  bibsource = {dblp computer science bibliography, http://dblp.org}
}

@article {Sime95,
AUTHOR = {Sime, Patrick {J}.},
TITLE = {On the ideal class group of real biquadratic fields},
JOURNAL = {Trans. Amer. Math. Soc.},
FJOURNAL = {Transactions of the American Mathematical Society},
VOLUME = {347},
YEAR = {1995},
PAGES = {4855--48--4876},
}

@article{1966/wada,
  author={Wada, Hideo},
  year={1966},
  title={On the class number and the unit group of certain algebraic number fields},
  journal={J. Fac. Sci., Univ. Tokyo, Sect. I},
  volume={13},
  pages={201--209}
}

@inproceedings{2010/smart,
  author    = {Nigel P. Smart and
               Frederik Vercauteren},
  title     = {Fully Homomorphic Encryption with Relatively Small Key and Ciphertext
               Sizes},
  booktitle = {Public Key Cryptography - {PKC} 2010, 13th International Conference
               on Practice and Theory in Public Key Cryptography, Paris, France,
               May 26-28, 2010. Proceedings},
  pages     = {420--443},
  year      = {2010},
  crossref  = {DBLP:conf/pkc/2010},
  url       = {http://dx.doi.org/10.1007/978-3-642-13013-7_25},
  doi       = {10.1007/978-3-642-13013-7_25},
  timestamp = {Wed, 09 Jun 2010 16:24:51 +0200},
  biburl    = {http://dblp.uni-trier.de/rec/bib/conf/pkc/SmartV10},
  bibsource = {dblp computer science bibliography, http://dblp.org}
}

@proceedings{DBLP:conf/pkc/2010,
  editor    = {Phong Q. Nguyen and
               David Pointcheval},
  title     = {Public Key Cryptography - {PKC} 2010, 13th International Conference
               on Practice and Theory in Public Key Cryptography, Paris, France,
               May 26-28, 2010. Proceedings},
  series    = {Lecture Notes in Computer Science},
  volume    = {6056},
  publisher = {Springer},
  year      = {2010},
  url       = {http://dx.doi.org/10.1007/978-3-642-13013-7},
  doi       = {10.1007/978-3-642-13013-7},
  isbn      = {978-3-642-13012-0},
  timestamp = {Wed, 09 Jun 2010 16:22:03 +0200},
  biburl    = {http://dblp.uni-trier.de/rec/bib/conf/pkc/2010},
  bibsource = {dblp computer science bibliography, http://dblp.org}
}



@inproceedings{2015/cramer,
  author    = {Ronald Cramer and
               L{\'{e}}o Ducas and
               Chris Peikert and
               Oded Regev},
  title     = {Recovering Short Generators of Principal Ideals in Cyclotomic Rings},
  booktitle = {Advances in Cryptology - {EUROCRYPT} 2016 - 35th Annual International
               Conference on the Theory and Applications of Cryptographic Techniques,
               Vienna, Austria, May 8-12, 2016, Proceedings, Part {II}},
  pages     = {559--585},
  year      = {2016},
  crossref  = {DBLP:conf/eurocrypt/2016-2},
  url       = {http://dx.doi.org/10.1007/978-3-662-49896-5_20},
  doi       = {10.1007/978-3-662-49896-5_20},
  timestamp = {Fri, 29 Apr 2016 15:23:20 +0200},
  biburl    = {http://dblp.uni-trier.de/rec/bib/conf/eurocrypt/CramerDPR16},
  bibsource = {dblp computer science bibliography, http://dblp.org}
}

@proceedings{DBLP:conf/eurocrypt/2016-2,
  editor    = {Marc Fischlin and
               Jean{-}S{\'{e}}bastien Coron},
  title     = {Advances in Cryptology - {EUROCRYPT} 2016 - 35th Annual International
               Conference on the Theory and Applications of Cryptographic Techniques,
               Vienna, Austria, May 8-12, 2016, Proceedings, Part {II}},
  series    = {Lecture Notes in Computer Science},
  volume    = {9666},
  publisher = {Springer},
  year      = {2016},
  url       = {http://dx.doi.org/10.1007/978-3-662-49896-5},
  doi       = {10.1007/978-3-662-49896-5},
  isbn      = {978-3-662-49895-8},
  timestamp = {Fri, 29 Apr 2016 15:22:09 +0200},
  biburl    = {http://dblp.uni-trier.de/rec/bib/conf/eurocrypt/2016-2},
  bibsource = {dblp computer science bibliography, http://dblp.org}
}


@misc{2014/campbell,
  author = {Peter Campbell and Michael Groves and Dan Shepherd},
  title = {{Soliloquy}: a cautionary tale},
  year = {2014},
  note = {ETSI 2nd Quantum-Safe Crypto Workshop, \url{http://docbox.etsi.org/Workshop/2014/201410\_CRYPTO/S07\_Systems\_and\_Attacks/S07\_Groves\_Annex.pdf}}
}

@inproceedings{2016/biasse,
  author    = {Jean{-}Fran{\c{c}}ois Biasse and
               Fang Song},
  title     = {Efficient quantum algorithms for computing class groups and solving
               the principal ideal problem in arbitrary degree number fields},
  booktitle = {Proceedings of the Twenty-Seventh Annual {ACM-SIAM} Symposium on Discrete
               Algorithms, {SODA} 2016, Arlington, VA, USA, January 10-12, 2016},
  pages     = {893--902},
  year      = {2016},
  crossref  = {DBLP:conf/soda/2016},
  url       = {http://dx.doi.org/10.1137/1.9781611974331.ch64},
  doi       = {10.1137/1.9781611974331.ch64},
  timestamp = {Wed, 20 Jan 2016 16:55:44 +0100},
  biburl    = {http://dblp.uni-trier.de/rec/bib/conf/soda/BiasseS16},
  bibsource = {dblp computer science bibliography, http://dblp.org}
}

@proceedings{DBLP:conf/soda/2016,
  editor    = {Robert Krauthgamer},
  title     = {Proceedings of the Twenty-Seventh Annual {ACM-SIAM} Symposium on Discrete
               Algorithms, {SODA} 2016, Arlington, VA, USA, January 10-12, 2016},
  publisher = {{SIAM}},
  year      = {2016},
  url       = {http://dx.doi.org/10.1137/1.9781611974331},
  doi       = {10.1137/1.9781611974331},
  isbn      = {978-1-61197-433-1},
  timestamp = {Thu, 07 Apr 2016 12:20:43 +0200},
  biburl    = {http://dblp.uni-trier.de/rec/bib/conf/soda/2016},
  bibsource = {dblp computer science bibliography, http://dblp.org}
}

@misc{2015/biasse,
  author = {Jean{-}Fran{\c{c}}ois Biasse and Fang Song},
  title = {On the quantum attacks against schemes relying on the hardness of finding a short generator of an ideal in {$\QQ(\zeta_{p^n})$}},
  year = {2015},
  note = {\url{http://cacr.uwaterloo.ca/techreports/2015/cacr2015-12.pdf}}
}

@article{2016/albrecht,
  author = {Martin Albrecht and Shi Bai and L\'eo Ducas},
  year = {2016},
  journal   = {{IACR} Cryptology ePrint Archive},
  title = {A subfield lattice attack on overstretched {NTRU} assumptions: Cryptanalysis of some {FHE} and Graded Encoding Schemes},
  note = {\url{https://eprint.iacr.org/2016/127}}
}




@inproceedings{2014/eisentraeger,
  author    = {Kirsten Eisentr{\"{a}}ger and
               Sean Hallgren and
               Alexei Y. Kitaev and
               Fang Song},
  title     = {A quantum algorithm for computing the unit
group of an arbitrary degree
               number field},
  booktitle = {Symposium on Theory of Computing, {STOC} 2014,
New York, NY, USA,
               May 31 - June 03, 2014},
  pages     = {293--302},
  year      = {2014},
  crossref  = {DBLP:conf/stoc/2014},
  url       = {http://doi.acm.org/10.1145/2591796.2591860},
  doi       = {10.1145/2591796.2591860},
  timestamp = {Mon, 13 Jun 2016 18:14:17 +0200},
  biburl    =
{http://dblp.uni-trier.de/rec/bib/conf/stoc/EisentragerHK014},
  bibsource = {dblp computer science bibliography,
http://dblp.org}
}

@proceedings{DBLP:conf/stoc/2014,
  editor    = {David B. Shmoys},
  title     = {Symposium on Theory of Computing, {STOC} 2014,
New York, NY, USA,
               May 31 - June 03, 2014},
  publisher = {{ACM}},
  year      = {2014},
  url       = {http://dl.acm.org/citation.cfm?id=2591796},
  isbn      = {978-1-4503-2710-7},
  timestamp = {Wed, 18 Jun 2014 08:38:28 +0200},
  biburl    =
{http://dblp.uni-trier.de/rec/bib/conf/stoc/2014},
  bibsource = {dblp computer science bibliography,
http://dblp.org}
}



@proceedings{DBLP:conf/sacrypt/2014,
  editor    = {Antoine Joux and
               Amr M. Youssef},
  title     = {Selected Areas in Cryptography - {SAC} 2014 - 21st International Conference,
               Montreal, QC, Canada, August 14-15, 2014, Revised Selected Papers},
  series    = {Lecture Notes in Computer Science},
  volume    = {8781},
  publisher = {Springer},
  year      = {2014},
  url       = {http://dx.doi.org/10.1007/978-3-319-13051-4},
  doi       = {10.1007/978-3-319-13051-4},
  isbn      = {978-3-319-13050-7},
  timestamp = {Thu, 04 Dec 2014 15:20:23 +0100},
  biburl    = {http://dblp.uni-trier.de/rec/bib/conf/sacrypt/2014},
  bibsource = {dblp computer science bibliography, http://dblp.org}
}

@inproceedings{2015/elias,
  author    = {Yara Elias and
               Kristin E. Lauter and
               Ekin Ozman and
               Katherine E. Stange},
  title     = {Provably Weak Instances of {R}ing-{LWE}},
  booktitle = {Advances in Cryptology - {CRYPTO} 2015 - 35th Annual Cryptology Conference,
               Santa Barbara, CA, USA, August 16-20, 2015, Proceedings, Part {I}},
  pages     = {63--92},
  year      = {2015},
  crossref  = {DBLP:conf/crypto/2015-1},
  url       = {http://dx.doi.org/10.1007/978-3-662-47989-6_4},
  doi       = {10.1007/978-3-662-47989-6_4},
  timestamp = {Mon, 03 Aug 2015 13:28:10 +0200},
  biburl    = {http://dblp.uni-trier.de/rec/bib/conf/crypto/EliasLOS15},
  bibsource = {dblp computer science bibliography, http://dblp.org}
}

@article{2016/chen,
  year = {2016},
  author = {Hao Chen and Kristin Lauter and Katherine E. Stange},
  title = {Vulnerable {Galois} {RLWE} Families and Improved Attacks},
  journal   = {{IACR} Cryptology ePrint Archive},
  note = {\url{https://eprint.iacr.org/2016/193}}
}

@article{2011/gu,
  year={2011},
  author    = {Chunsheng Gu},
  title     = {Cryptanalysis of the {Smart-Vercauteren} and {Gentry-Halevi's} Fully Homomorphic
               Encryption},
  journal   = {{IACR} Cryptology ePrint Archive},
  note       = {\url{https://eprint.iacr.org/2011/328}}
}


@book{Cohen:1995:CCA:206777,
 author = {Cohen, Henri},
 title = {A Course in Computational Algebraic Number Theory},
 year = {1993},
 isbn = {0-387-55640-0},
 publisher = {Springer-Verlag New York, Inc.},
 address = {New York, NY, USA},
} 

@article{kubota1956,
author = "Kubota, Tomio",
fjournal = "Nagoya Mathematical Journal",
journal = "Nagoya Math. J.",
pages = "65--85",
publisher = "Duke University Press",
title = {{\"U}ber den bizyklischen biquadratischen {Z}ahlk\"orper},
url = "http://projecteuclid.org/euclid.nmj/1118799770",
volume = "10",
year = "1956"
}

@article{kuroda1950,
author = "Kuroda, Sigekatu",
fjournal = "Nagoya Mathematical Journal",
journal = "Nagoya Math. J.",
pages = "1--10",
title = "Über die Klassenzahlen algebraischer Zahlkörper",
url = "https://www.cambridge.org/core/journals/nagoya-mathematical-journal/article/uber-die-klassenzahlen-algebraischer-zahlkorper/534CC86ADF4E9B3A212F98E30CBCC9F2",
volume = "1",
year = "1950"
}

@inproceedings{2011/gentry,
  author    = {Craig Gentry and
               Shai Halevi},
  title     = {Implementing {Gentry's} Fully-Homomorphic Encryption Scheme},
  booktitle = {Advances in Cryptology - {EUROCRYPT} 2011 - 30th Annual International
               Conference on the Theory and Applications of Cryptographic Techniques,
               Tallinn, Estonia, May 15-19, 2011. Proceedings},
  pages     = {129--148},
  year      = {2011},
  crossref  = {DBLP:conf/eurocrypt/2011},
  url       = {http://dx.doi.org/10.1007/978-3-642-20465-4_9},
  doi       = {10.1007/978-3-642-20465-4_9},
  timestamp = {Thu, 05 May 2011 18:04:16 +0200},
  biburl    = {http://dblp.uni-trier.de/rec/bib/conf/eurocrypt/GentryH11},
  bibsource = {dblp computer science bibliography, http://dblp.org}
}

@proceedings{DBLP:conf/eurocrypt/2011,
  editor    = {Kenneth G. Paterson},
  title     = {Advances in Cryptology - {EUROCRYPT} 2011 - 30th Annual International
               Conference on the Theory and Applications of Cryptographic Techniques,
               Tallinn, Estonia, May 15-19, 2011. Proceedings},
  series    = {Lecture Notes in Computer Science},
  volume    = {6632},
  publisher = {Springer},
  year      = {2011},
  url       = {http://dx.doi.org/10.1007/978-3-642-20465-4},
  doi       = {10.1007/978-3-642-20465-4},
  isbn      = {978-3-642-20464-7},
  timestamp = {Thu, 05 May 2011 18:01:35 +0200},
  biburl    = {http://dblp.uni-trier.de/rec/bib/conf/eurocrypt/2011},
  bibsource = {dblp computer science bibliography, http://dblp.org}
}

@inproceedings{2013/garg,
  author    = {Sanjam Garg and
               Craig Gentry and
               Shai Halevi},
  title     = {Candidate Multilinear Maps from Ideal Lattices},
  booktitle = {Advances in Cryptology - {EUROCRYPT} 2013, 32nd Annual International
               Conference on the Theory and Applications of Cryptographic Techniques,
               Athens, Greece, May 26-30, 2013. Proceedings},
  pages     = {1--17},
  year      = {2013},
  crossref  = {DBLP:conf/eurocrypt/2013},
  url       = {http://dx.doi.org/10.1007/978-3-642-38348-9_1},
  doi       = {10.1007/978-3-642-38348-9_1},
  timestamp = {Mon, 18 Jan 2016 17:00:14 +0100},
  biburl    = {http://dblp.uni-trier.de/rec/bib/conf/eurocrypt/GargGH13},
  bibsource = {dblp computer science bibliography, http://dblp.org}
}

@proceedings{DBLP:conf/eurocrypt/2013,
  editor    = {Thomas Johansson and
               Phong Q. Nguyen},
  title     = {Advances in Cryptology - {EUROCRYPT} 2013, 32nd Annual International
               Conference on the Theory and Applications of Cryptographic Techniques,
               Athens, Greece, May 26-30, 2013. Proceedings},
  series    = {Lecture Notes in Computer Science},
  volume    = {7881},
  publisher = {Springer},
  year      = {2013},
  url       = {http://dx.doi.org/10.1007/978-3-642-38348-9},
  doi       = {10.1007/978-3-642-38348-9},
  isbn      = {978-3-642-38347-2},
  timestamp = {Mon, 18 Jan 2016 17:00:14 +0100},
  biburl    = {http://dblp.uni-trier.de/rec/bib/conf/eurocrypt/2013},
  bibsource = {dblp computer science bibliography, http://dblp.org}
}


@inproceedings{2009/gentry-stoc,
  author    = {Craig Gentry},
  title     = {Fully homomorphic encryption using ideal lattices},
  booktitle = {Proceedings of the 41st Annual {ACM} Symposium on Theory of Computing,
               {STOC} 2009, Bethesda, MD, USA, May 31 - June 2, 2009},
  pages     = {169--178},
  year      = {2009},
  crossref  = {DBLP:conf/stoc/2009},
  url       = {http://doi.acm.org/10.1145/1536414.1536440},
  doi       = {10.1145/1536414.1536440},
  timestamp = {Fri, 05 Jun 2009 09:34:35 +0200},
  biburl    = {http://dblp.uni-trier.de/rec/bib/conf/stoc/Gentry09},
  bibsource = {dblp computer science bibliography, http://dblp.org}
}

@proceedings{DBLP:conf/stoc/2009,
  editor    = {Michael Mitzenmacher},
  title     = {Proceedings of the 41st Annual {ACM} Symposium on Theory of Computing,
               {STOC} 2009, Bethesda, MD, USA, May 31 - June 2, 2009},
  publisher = {{ACM}},
  year      = {2009},
  isbn      = {978-1-60558-506-2},
  timestamp = {Fri, 05 Jun 2009 09:31:27 +0200},
  biburl    = {http://dblp.uni-trier.de/rec/bib/conf/stoc/2009},
  bibsource = {dblp computer science bibliography, http://dblp.org}
}

@article{2010/lyubashevsky,
 author = {Lyubashevsky, Vadim and Peikert, Chris and Regev, Oded},
 title = {On Ideal Lattices and Learning with Errors over Rings},
 journal = {J. ACM},
 issue_date = {November 2013},
 volume = {60},
 number = {6},
 month = nov,
 year = {2013},
 issn = {0004-5411},
 pages = {43:1--43:35},
 articleno = {43},
 numpages = {35},
 url = {http://doi.acm.org/10.1145/2535925},
 doi = {10.1145/2535925},
 acmid = {2535925},
 publisher = {ACM},
 address = {New York, NY, USA},
 keywords = {Lattice, average-case hardness, cryptography, public key encryption, quantum computation},
} 

@proceedings{DBLP:conf/eurocrypt/2010,
  editor    = {Henri Gilbert},
  title     = {Advances in Cryptology - {EUROCRYPT} 2010, 29th Annual International
               Conference on the Theory and Applications of Cryptographic Techniques,
               French Riviera, May 30 - June 3, 2010. Proceedings},
  series    = {Lecture Notes in Computer Science},
  volume    = {6110},
  publisher = {Springer},
  year      = {2010},
  url       = {http://dx.doi.org/10.1007/978-3-642-13190-5},
  doi       = {10.1007/978-3-642-13190-5},
  isbn      = {978-3-642-13189-9},
  timestamp = {Tue, 08 Jun 2010 09:16:44 +0200},
  biburl    = {http://dblp.uni-trier.de/rec/bib/conf/eurocrypt/2010},
  bibsource = {dblp computer science bibliography, http://dblp.org}
}

@INPROCEEDINGS{Biehl93algorithmsfor,
    author = {Ingrid Biehl and Johannes Buchmann},
    title = {Algorithms for Quadratic Orders},
    booktitle = {Mathematics of Computation 1943--1993: a half-century of computational mathematics},
    series =  {Proceedings of Symposia in Applied Mathematics},
    volume = {48},
    year = {1994},
    pages = {425--451},
    publisher = {American Mathematical Society},
    OPTnote = {http://www.ams.org/books/psapm/048/, http://www.ams.org/mathscinet-getitem?mr=1314882 },	
}
@INPROCEEDINGS{Vollmer2000,
address = {Berlin, Heidelberg},
author = {Vollmer, Ulrich},
booktitle = {Algorithmic Number Theory: 4th International Symposium, ANTS-IV Leiden, The Netherlands, July 2-7, 2000. Proceedings},
doi = {10.1007/10722028_39},
editor = {Bosma, Wieb},
isbn = {978-3-540-44994-2},
pages = {581--594},
publisher = {Springer Berlin Heidelberg},
title = {{Asymptotically Fast Discrete Logarithms in Quadratic Number Fields}},
url = {http://dx.doi.org/10.1007/10722028{\_}39},
year = {2000}
}

@phdthesis{Abel94,
    title    = {{Ein Algorithmus zur Berechnung der Klassenzahl und des Regulators reell-quadratischer Ordnungen}},
    school   = {Universit{\"{a}}t des Saarlandes, Saarbr{\"{u}}cken, Germany},
    author   = {Abel, Christine Stefanie},
    year     = {1994},
}

@inproceedings{1990-buchmann
,author={Johannes A. Buchmann}
,crossref={1990-goldstein}
,MR={92g:11125}
,pages={27--41}
,title={{A subexponential algorithm for the determination of class groups and regulators of algebraic number fields}}
,year={1990}
}
@book{1990-goldstein
,title={{S\'eminaire de Th\'eorie des Nombres, Paris 1988--1989}}
,booktitle={{S\'eminaire de Th\'eorie des Nombres, Paris 1988--1989}}
,editor={Catherine Goldstein}
,ISBN={0--8176--3493--2}
,MR={91k:11104}
,publisher={Birkhauser}
,address={Boston}
,year={1990}
}
@article{DBLP:journals/combinatorica/Babai86,
  author    = {L{\'{a}}szl{\'{o}} Babai},
  title     = {On {L}ov{\'{a}}sz' lattice reduction and the nearest lattice point
               problem},
  journal   = {Combinatorica},
  volume    = {6},
  number    = {1},
  pages     = {1--13},
  year      = {1986},
  url       = {http://dx.doi.org/10.1007/BF02579403},
  doi       = {10.1007/BF02579403},
  timestamp = {Fri, 20 May 2011 14:39:52 +0200},
  biburl    = {http://dblp.uni-trier.de/rec/bib/journals/combinatorica/Babai86},
  bibsource = {dblp computer science bibliography, http://dblp.org}
}

@INPROCEEDINGS{ACISP2010,
  author    = {Jean{-}Fran{\c{c}}ois Biasse and
               Michael J. Jacobson Jr. and
               Alan K. Silvester},
  title     = {Security Estimates for Quadratic Field Based Cryptosystems},
  booktitle = {{ACISP}},
  series    = {Lecture Notes in Computer Science},
  volume    = {6168},
  pages     = {233--247},
  publisher = {Springer},
  year      = {2010}
}

@book{buchmann2007binary,
  title={Binary Quadratic Forms: An Algorithmic Approach},
  author={Johannes Buchmann and Ulrich Vollmer},
  isbn={9783540463689},
  lccn={2006938722},
  series={Algorithms and Computation in Mathematics},
  seriesvol ={20},
  url={https://books.google.nl/books?id=umGYD5jfDOcC},
  year={2007},
  publisher={Springer Berlin Heidelberg}
}

@phdthesis{tuprints494,
          author = {Ulrich Vollmer},
            year = {2004},
          school = {Technische Universit{\"a}t Darmstadt},
           month = {October},
           title = {Rigorously Analyzed Algorithms for the Discrete Logarithm Problem in Quadratic Number Fields},
             url = {http://tuprints.ulb.tu-darmstadt.de/494/}
}

@article{2000/buchmann,
  title={Cryptography based on number fields with large regulator},
  author={Buchmann, Johannes and Maurer, Markus and M{\"o}ller, Bodo},
  journal={Journal de th{\'e}orie des nombres de Bordeaux},
  volume={12},
  number={2},
  pages={293--307},
  year={2000}
}

@inproceedings{2014/barbulescu,
  author    = {Razvan Barbulescu and
               Pierrick Gaudry and
               Antoine Joux and
               Emmanuel Thom{\'{e}}},
  title     = {A Heuristic Quasi-Polynomial Algorithm for Discrete Logarithm in Finite
               Fields of Small Characteristic},
  booktitle = {Advances in Cryptology - {EUROCRYPT} 2014 - 33rd Annual International
               Conference on the Theory and Applications of Cryptographic Techniques,
               Copenhagen, Denmark, May 11-15, 2014. Proceedings},
  pages     = {1--16},
  year      = {2014},
  crossref  = {DBLP:conf/eurocrypt/2014},
  url       = {http://dx.doi.org/10.1007/978-3-642-55220-5_1},
  doi       = {10.1007/978-3-642-55220-5_1},
  timestamp = {Fri, 02 May 2014 13:38:39 +0200},
  biburl    = {http://dblp.uni-trier.de/rec/bib/conf/eurocrypt/BarbulescuGJT14},
  bibsource = {dblp computer science bibliography, http://dblp.org}
}

@proceedings{DBLP:conf/eurocrypt/2014,
  editor    = {Phong Q. Nguyen and
               Elisabeth Oswald},
  title     = {Advances in Cryptology - {EUROCRYPT} 2014 - 33rd Annual International
               Conference on the Theory and Applications of Cryptographic Techniques,
               Copenhagen, Denmark, May 11-15, 2014. Proceedings},
  series    = {Lecture Notes in Computer Science},
  volume    = {8441},
  publisher = {Springer},
  year      = {2014},
  url       = {http://dx.doi.org/10.1007/978-3-642-55220-5},
  doi       = {10.1007/978-3-642-55220-5},
  isbn      = {978-3-642-55219-9},
  timestamp = {Fri, 02 May 2014 13:36:39 +0200},
  biburl    = {http://dblp.uni-trier.de/rec/bib/conf/eurocrypt/2014},
  bibsource = {dblp computer science bibliography, http://dblp.org}
}





@article{2016/galbraith,
  author    = {Steven D. Galbraith and
               Pierrick Gaudry},
  title     = {Recent progress on the elliptic curve discrete logarithm problem},
  journal   = {Des. Codes Cryptography},
  volume    = {78},
  number    = {1},
  pages     = {51--72},
  year      = {2016},
  url       = {http://dx.doi.org/10.1007/s10623-015-0146-7},
  doi       = {10.1007/s10623-015-0146-7},
  timestamp = {Wed, 13 Jan 2016 12:14:42 +0100},
  biburl    = {http://dblp.uni-trier.de/rec/bib/journals/dcc/GalbraithG16},
  bibsource = {dblp computer science bibliography, http://dblp.org}
}


@incollection {1993/buhler,
    AUTHOR = {Buhler, Joe P. and Lenstra, Jr., Hendrik W. and Pomerance, Carl},
     TITLE = {Factoring integers with the number field sieve},
 BOOKTITLE = {The development of the number field sieve},
    SERIES = {Lecture Notes in Math.},
    VOLUME = {1554},
     PAGES = {50--94},
 PUBLISHER = {Springer, Berlin},
      YEAR = {1993},
   MRCLASS = {11Y05 (11N36 11Y40)},
  MRNUMBER = {1321221},
       DOI = {10.1007/BFb0091539},
       URL = {http://dx.doi.org/10.1007/BFb0091539},
}


@inproceedings{2016/kim,
  author    = {Taechan Kim and
               Razvan Barbulescu},
  title     = {Extended Tower Number Field Sieve: {A} New Complexity for the Medium
               Prime Case},
  booktitle = {Advances in Cryptology - {CRYPTO} 2016 - 36th Annual International
               Cryptology Conference, Santa Barbara, CA, USA, August 14-18, 2016,
               Proceedings, Part {I}},
  pages     = {543--571},
  year      = {2016},
  crossref  = {DBLP:conf/crypto/2016-1},
  url       = {http://dx.doi.org/10.1007/978-3-662-53018-4_20},
  doi       = {10.1007/978-3-662-53018-4_20},
  timestamp = {Wed, 27 Jul 2016 12:46:24 +0200},
  biburl    = {http://dblp.uni-trier.de/rec/bib/conf/crypto/0001B16},
  bibsource = {dblp computer science bibliography, http://dblp.org}
}

@proceedings{DBLP:conf/crypto/2016-1,
  editor    = {Matthew Robshaw and
               Jonathan Katz},
  title     = {Advances in Cryptology - {CRYPTO} 2016 - 36th Annual International
               Cryptology Conference, Santa Barbara, CA, USA, August 14-18, 2016,
               Proceedings, Part {I}},
  series    = {Lecture Notes in Computer Science},
  volume    = {9814},
  publisher = {Springer},
  year      = {2016},
  url       = {http://dx.doi.org/10.1007/978-3-662-53018-4},
  doi       = {10.1007/978-3-662-53018-4},
  isbn      = {978-3-662-53017-7},
  timestamp = {Wed, 27 Jul 2016 12:44:59 +0200},
  biburl    = {http://dblp.uni-trier.de/rec/bib/conf/crypto/2016-1},
  bibsource = {dblp computer science bibliography, http://dblp.org}
}

@article{2016/castryck,
title = "On error distributions in ring-based {LWE}",
doi = "10.1112/S1461157016000280",
publisher = "London Mathematical Society",
address = "London, UK",
author = "Wouter Castryck and Ilia Iliashenko and Frederik Vercauteren",
volume = "19",
number = "A",
pages = "130-145",
year = "2016",
url = "http://www.cambridge.org/core/article/div-class-title-on-error-distributions-in-ring-based-lwe-div/C852C8D1C2F84DA398EA07D2B2F3E4CB",
journal = "LMS Journal of Computation and Mathematics"
}


@misc{2015/peikert,
  year={2015},
  author={Chris Peikert},
  title={Recovering short generators of principal ideals: extensions and open problems},
  note={\url{http://www.math.uci.edu/~asilverb/Conference2015/Slides/Peikert-slides-uci.pdf}}
}

@proceedings{DBLP:conf/eurocrypt/2016-1,
  editor    = {Marc Fischlin and
               Jean{-}S{\&apos;{e}}bastien Coron},
  title     = {Advances in Cryptology - {EUROCRYPT} 2016 - 35th Annual International
               Conference on the Theory and Applications of Cryptographic Techniques,
               Vienna, Austria, May 8-12, 2016, Proceedings, Part {I}},
  series    = {Lecture Notes in Computer Science},
  volume    = {9665},
  publisher = {Springer},
  year      = {2016},
  url       = {http://dx.doi.org/10.1007/978-3-662-49890-3},
  doi       = {10.1007/978-3-662-49890-3},
  isbn      = {978-3-662-49889-7},
  timestamp = {Fri, 29 Apr 2016 15:20:18 +0200},
  biburl    = {http://dblp.uni-trier.de/rec/bib/conf/eurocrypt/2016-1},
  bibsource = {dblp computer science bibliography, http://dblp.org}
}


@manual{sagemath,
  Key          = {SageMath},
  Author       = {The Sage Developers},
  Title        = {{S}ageMath, the {S}age {M}athematics {S}oftware {S}ystem ({V}ersion 7.5.1)},
  note         = {\url{http://www.sagemath.org}},
  Year         = {2017},
}
@book{cohen1999advanced,
  title={Advanced Topics in Computational Number Theory},
  author={Henri Cohen},
  isbn={9780387987279},
  lccn={99020756},
  series={Graduate Texts in Mathematics},
  url={https://books.google.nl/books?id=Vaq2154dsQIC},
  year={1999},
  publisher={Springer New York}
}

@Article{Nart/NewComp,
    Author = {Jordi {Gu\`ardia} and Jes\'us {Montes} and Enric {Nart}},
    Title = {{A new computational approach to ideal theory in number fields.}},
    FJournal = {{Foundations of Computational Mathematics}},
    Journal = {{Found. Comput. Math.}},
    ISSN = {1615-3375; 1615-3383/e},
    Volume = {13},
    Number = {5},
    Pages = {729--762},
    Year = {2013},
    Publisher = {Springer US, New York, NY},
    Language = {English},
    DOI = {10.1007/s10208-012-9137-5},
}

@misc{Conrad,
  author        = {Keith Conrad},
  title         = {Expository paper on {D}irichlet's Unit Theorem},
  note		= {\url{http://www.math.uconn.edu/~kconrad/blurbs/gradnumthy/unittheorem.pdf}}
}

@article{journals/jpdc/KocA91,
  added-at = {2011-09-09T00:00:00.000+0200},
  author = {Koc, Cetin Kaya and Arachchige, Sarath N.},
  biburl = {http://www.bibsonomy.org/bibtex/25aab54f77b40ec3b53ed30bde6533d23/dblp},
  ee = {http://dx.doi.org/10.1016/0743-7315(91)90115-P},
  interhash = {ad6f5c2d564198967f55244b4b41522e},
  intrahash = {5aab54f77b40ec3b53ed30bde6533d23},
  journal = {J. Parallel Distrib. Comput.},
  keywords = {dblp},
  number = 1,
  pages = {118-122},
  timestamp = {2011-09-10T11:44:38.000+0200},
  title = {A Fast Algorithm for {G}aussian Elimination over {GF}(2) and Its Implementation on the {GAPP}.},
  url = {http://dblp.uni-trier.de/db/journals/jpdc/jpdc13.html#KocA91},
  volume = 13,
  year = 1991
}



@inproceedings{1991/adleman,
  author    = {Leonard M. Adleman},
  title     = {Factoring Numbers Using Singular Integers},
  booktitle = {Proceedings of the 23rd Annual {ACM} Symposium on Theory of Computing,
               May 5-8, 1991, New Orleans, Louisiana, {USA}},
  pages     = {64--71},
  year      = {1991},
  crossref  = {DBLP:conf/stoc/STOC23},
  url       = {http://doi.acm.org/10.1145/103418.103432},
  doi       = {10.1145/103418.103432},
  timestamp = {Mon, 17 Oct 2011 17:25:06 +0200},
  biburl    = {http://dblp.uni-trier.de/rec/bib/conf/stoc/Adleman91},
  bibsource = {dblp computer science bibliography, http://dblp.org}
}

@proceedings{DBLP:conf/stoc/STOC23,
  editor    = {Cris Koutsougeras and
               Jeffrey Scott Vitter},
  title     = {Proceedings of the 23rd Annual {ACM} Symposium on Theory of Computing,
               May 5-8, 1991, New Orleans, Louisiana, {USA}},
  publisher = {{ACM}},
  year      = {1991},
  isbn      = {0-89791-397-3},
  timestamp = {Mon, 17 Oct 2011 15:55:10 +0200},
  biburl    = {http://dblp.uni-trier.de/rec/bib/conf/stoc/STOC23},
  bibsource = {dblp computer science bibliography, http://dblp.org}
}



@inproceedings{BFieker12,
  author    = {Jean{-}Fran{\c{c}}ois Biasse and
               Claus Fieker},
  title     = {Improved techniques for computing the ideal class group and a system of fundamental units in number fields.},
  booktitle = {Algorithmic Number Theory, 10th International Symposium, ANTS-IX, San Diego CA,
               USA, July 9-13, 2012. Proceedings},
  year      = {2012},
  pages     = {113--133},
  series    = {Open Book Series},
  volume    = {1},
  publisher = {Mathematical Sciences Publishers}
}
@article{Belabas2004,
abstract = {We describe practical algorithms from computational algebraic number theory, with applications to class field theory. These include basic arithmetic, approximation and uniformizers, discrete logarithms and computation of class fields. All algorithms have been implemented in the Pari/Gp system.},
affiliation = {Mathématiques–Bâtiment 425 Université Paris–Sud F–91405 Orsay Cedex},
author = {Belabas, Karim},
journal = {Journal de Théorie des Nombres de Bordeaux},
keywords = {class field theory; algorithmic number theory; computational methods for number fields; survey; ray class group; discrete logarithms; class field; PARI/GP},
language = {eng},
number = {1},
pages = {19-63},
publisher = {Université Bordeaux 1},
title = {Topics in computational algebraic number theory},
url = {http://eudml.org/doc/249264},
volume = {16},
year = {2004},
}
@article{NgSt09, 
title={An {LLL} Algorithm with Quadratic Complexity}, 
author={P. Q. Nguyen and D. Stehl\'e}, 
journal={SIAM J. of Computing}, 
volume={ 39}, 
number= 3, 
pages = {874–-903}, 
year=2009 }

@book{Galbraith:2012:MPK:2230462,
 author = {Galbraith, Steven D.},
 title = {Mathematics of Public Key Cryptography},
 year = {2012},
 isbn = {1107013925, 9781107013926},
 edition = {1st},
 publisher = {Cambridge University Press},
 address = {New York, NY, USA},
} 

@misc{2014/bernstein,
  year={2014},
  author={Daniel J. Bernstein},
  title={A subfield-logarithm attack against ideal lattices},
  note={\url{https://blog.cr.yp.to/20140213-ideal.html}}
}

@misc{2015/bernstein-20150422,
  year={2015},
  author={Daniel J. Bernstein},
  title={Computational algebraic number theory tackles lattice-based cryptography},
  note={\url{https://cr.yp.to/talks/2015.04.22/slides-djb-20150422-a4.pdf}}
}



@inproceedings{2012/thome,
  author    = {Emmanuel Thom{\'{e}}},
  title     = {Square Root Algorithms for the Number Field Sieve},
  booktitle = {Arithmetic of Finite Fields - 4th International Workshop, {WAIFI}
               2012, Bochum, Germany, July 16-19, 2012. Proceedings},
  pages     = {208--224},
  year      = {2012},
  crossref  = {DBLP:conf/waifi/2012},
  url       = {http://dx.doi.org/10.1007/978-3-642-31662-3_15},
  doi       = {10.1007/978-3-642-31662-3_15},
  timestamp = {Wed, 04 Jul 2012 10:27:00 +0200},
  biburl    = {http://dblp.uni-trier.de/rec/bib/conf/waifi/Thome12},
  bibsource = {dblp computer science bibliography, http://dblp.org},
  note = {\url{https://members.loria.fr/EThome/files/nfs-sqrt.pdf}}
}

@proceedings{DBLP:conf/waifi/2012,
  editor    = {Ferruh {\"{O}}zbudak and
               Francisco Rodr{\'{\i}}guez{-}Henr{\'{\i}}quez},
  title     = {Arithmetic of Finite Fields - 4th International Workshop, {WAIFI}
               2012, Bochum, Germany, July 16-19, 2012. Proceedings},
  series    = {Lecture Notes in Computer Science},
  volume    = {7369},
  publisher = {Springer},
  year      = {2012},
  url       = {http://dx.doi.org/10.1007/978-3-642-31662-3},
  doi       = {10.1007/978-3-642-31662-3},
  isbn      = {978-3-642-31661-6},
  timestamp = {Wed, 04 Jul 2012 10:25:50 +0200},
  biburl    = {http://dblp.uni-trier.de/rec/bib/conf/waifi/2012},
  bibsource = {dblp computer science bibliography, http://dblp.org}
}

@inproceedings{Gama:2008:PLR:1788414.1788417,
 author = {Gama, Nicolas and Nguyen, Phong Q.},
 title = {Predicting Lattice Reduction},
 booktitle = {Proceedings of the Theory and Applications of Cryptographic Techniques 27th Annual International Conference on Advances in Cryptology},
 series = {EUROCRYPT'08},
 year = {2008},
 isbn = {3-540-78966-9, 978-3-540-78966-6},
 location = {Istanbul, Turkey},
 pages = {31--51},
 numpages = {21},
 url = {http://dl.acm.org/citation.cfm?id=1788414.1788417},
 acmid = {1788417},
 publisher = {Springer-Verlag},
 address = {Berlin, Heidelberg},
 keywords = {BKZ, DEEP insertions, LLL, lattice reduction, lattice-based cryptosystems},
} 

@inproceedings{Lindner:2011:BKS:1964621.1964651,
 author = {Lindner, Richard and Peikert, Chris},
 title = {Better Key Sizes (and Attacks) for {LWE}-based Encryption},
 booktitle = {Proceedings of the 11th International Conference on Topics in Cryptology: CT-RSA 2011},
 series = {CT-RSA'11},
 year = {2011},
 isbn = {978-3-642-19073-5},
 location = {San Francisco, CA, USA},
 pages = {319--339},
 numpages = {21},
 url = {http://dl.acm.org/citation.cfm?id=1964621.1964651},
 acmid = {1964651},
 publisher = {Springer-Verlag},
 address = {Berlin, Heidelberg},
 keywords = {basis reduction, lattice-based cryptography, learning with errors},
} 
@article{DBLP:journals/dcc/AlbrechtCFFP15,
  author    = {Martin R. Albrecht and
               Carlos Cid and
               Jean{-}Charles Faug{\`{e}}re and
               Robert Fitzpatrick and
               Ludovic Perret},
  title     = {On the complexity of the {BKW} algorithm on {LWE}},
  journal   = {Des. Codes Cryptography},
  volume    = {74},
  number    = {2},
  pages     = {325--354},
  year      = {2015},
  url       = {http://dx.doi.org/10.1007/s10623-013-9864-x},
  doi       = {10.1007/s10623-013-9864-x},
  timestamp = {Thu, 22 Jan 2015 14:34:27 +0100},
  biburl    = {http://dblp.uni-trier.de/rec/bib/journals/dcc/AlbrechtCFFP15},
  bibsource = {dblp computer science bibliography, http://dblp.org}
}

@inproceedings{DBLP:conf/asiacrypt/ChenN11,
  author    = {Yuanmi Chen and
               Phong Q. Nguyen},
  title     = {{BKZ} 2.0: Better Lattice Security Estimates},
  booktitle = {Advances in Cryptology - {ASIACRYPT} 2011 - 17th International Conference
               on the Theory and Application of Cryptology and Information Security,
               Seoul, South Korea, December 4-8, 2011. Proceedings},
  pages     = {1--20},
  year      = {2011},
  crossref  = {DBLP:conf/asiacrypt/2011},
  url       = {http://dx.doi.org/10.1007/978-3-642-25385-0_1},
  doi       = {10.1007/978-3-642-25385-0_1},
  timestamp = {Thu, 01 Dec 2011 19:18:19 +0100},
  biburl    = {http://dblp.uni-trier.de/rec/bib/conf/asiacrypt/ChenN11},
  bibsource = {dblp computer science bibliography, http://dblp.org}
}

@proceedings{DBLP:conf/asiacrypt/2011,
  editor    = {Dong Hoon Lee and
               Xiaoyun Wang},
  title     = {Advances in Cryptology - {ASIACRYPT} 2011 - 17th International Conference
               on the Theory and Application of Cryptology and Information Security,
               Seoul, South Korea, December 4-8, 2011. Proceedings},
  series    = {Lecture Notes in Computer Science},
  volume    = {7073},
  publisher = {Springer},
  year      = {2011},
  url       = {http://dx.doi.org/10.1007/978-3-642-25385-0},
  doi       = {10.1007/978-3-642-25385-0},
  isbn      = {978-3-642-25384-3},
  timestamp = {Thu, 01 Dec 2011 19:11:55 +0100},
  biburl    = {http://dblp.uni-trier.de/rec/bib/conf/asiacrypt/2011},
  bibsource = {dblp computer science bibliography, http://dblp.org}
}

@article{1987/pohst,
  author    = {Michael Pohst},
  title     = {A Modification of the {LLL} Reduction Algorithm},
  journal   = {J. Symb. Comput.},
  volume    = {4},
  number    = {1},
  pages     = {123--127},
  year      = {1987},
  url       = {http://dx.doi.org/10.1016/S0747-7171(87)80061-5},
  doi       = {10.1016/S0747-7171(87)80061-5},
  timestamp = {Tue, 20 Sep 2011 11:17:56 +0200},
  biburl    = {http://dblp.uni-trier.de/rec/bib/journals/jsc/Pohst87},
  bibsource = {dblp computer science bibliography, http://dblp.org}
}


@misc{1998/kallen,
  year = {1998},
  author = {Wilberd van der Kallen},
  title = {Complexity of an extended lattice reduction algorithm},
  note = {\url{http://www.staff.science.uu.nl/~kalle101/complexity.pdf}}
}


@incollection {2002/williams-pell,
    AUTHOR = {Williams, Hugh C.},
     TITLE = {Solving the {P}ell equation},
 BOOKTITLE = {Number theory for the millennium, {III} ({U}rbana, {IL}, 2000)},
     PAGES = {397--435},
 PUBLISHER = {A K Peters, Natick, MA},
      YEAR = {2002},
   MRCLASS = {11D09 (11A55)},
  MRNUMBER = {1956288},
MRREVIEWER = {A. J. van der Poorten},
}

@article {2002/lenstra-pell,
    AUTHOR = {Lenstra, Jr., Hendrik W.},
     TITLE = {Solving the {P}ell equation},
   JOURNAL = {Notices Amer. Math. Soc.},
  FJOURNAL = {Notices of the American Mathematical Society},
    VOLUME = {49},
      YEAR = {2002},
    NUMBER = {2},
     PAGES = {182--192},
      ISSN = {0002-9920},
   MRCLASS = {11D09 (01A99 11R27)},
  MRNUMBER = {1875156},
MRREVIEWER = {Duncan A. Buell},
}

@article{1982/lenstra-lll,
    author = {Arjen K. Lenstra and Hendrik W. Lenstra and Laszlo Lovasz},
    title = {Factoring polynomials with rational coefficients},
    journal = {MATH. ANN},
    year = {1982},
    volume = {261},
    pages = {515--534}
}

@phdthesis{2009/gentry-thesis,
  author = {Craig Gentry},
  title = {A fully homomorphic encryption scheme},
  school = {Stanford University},
  year = 2009,
  note = {\url{https://crypto.stanford.edu/craig}}
}



@inproceedings{1998/hoffstein,
  author    = {Jeffrey Hoffstein and
               Jill Pipher and
               Joseph H. Silverman},
  title     = {{NTRU:} {A} Ring-Based Public Key Cryptosystem},
  booktitle = {Algorithmic Number Theory, Third International Symposium, ANTS-III,
               Portland, Oregon, USA, June 21-25, 1998, Proceedings},
  pages     = {267--288},
  year      = {1998},
  crossref  = {DBLP:conf/ants/1998},
  url       = {http://dx.doi.org/10.1007/BFb0054868},
  doi       = {10.1007/BFb0054868},
  timestamp = {Thu, 16 Jun 2011 15:52:18 +0200},
  biburl    = {http://dblp.uni-trier.de/rec/bib/conf/ants/HoffsteinPS98},
  bibsource = {dblp computer science bibliography, http://dblp.org}
}

@proceedings{DBLP:conf/ants/1998,
  editor    = {Joe Buhler},
  title     = {Algorithmic Number Theory, Third International Symposium, ANTS-III,
               Portland, Oregon, USA, June 21-25, 1998, Proceedings},
  series    = {Lecture Notes in Computer Science},
  volume    = {1423},
  publisher = {Springer},
  year      = {1998},
  isbn      = {3-540-64657-4},
  timestamp = {Tue, 02 Jul 2002 10:29:56 +0200},
  biburl    = {http://dblp.uni-trier.de/rec/bib/conf/ants/1998},
  bibsource = {dblp computer science bibliography, http://dblp.org}
}




@inproceedings{2016/alkim,
  author    = {Erdem Alkim and
               L{\'{e}}o Ducas and
               Thomas P{\"{o}}ppelmann and
               Peter Schwabe},
  title     = {Post-quantum Key Exchange - {A} New Hope},
  booktitle = {25th {USENIX} Security Symposium, {USENIX} Security 16, Austin, TX,
               USA, August 10-12, 2016.},
  pages     = {327--343},
  year      = {2016},
  crossref  = {DBLP:conf/uss/2016},
  url       = {https://www.usenix.org/conference/usenixsecurity16/technical-sessions/presentation/alkim},
  timestamp = {Mon, 05 Sep 2016 15:43:05 +0200},
  biburl    = {http://dblp.uni-trier.de/rec/bib/conf/uss/AlkimDPS16},
  bibsource = {dblp computer science bibliography, http://dblp.org}
}

@proceedings{DBLP:conf/uss/2016,
  editor    = {Thorsten Holz and
               Stefan Savage},
  title     = {25th {USENIX} Security Symposium, {USENIX} Security 16, Austin, TX,
               USA, August 10-12, 2016},
  publisher = {{USENIX} Association},
  year      = {2016},
  url       = {https://www.usenix.org/conference/usenixsecurity16},
  timestamp = {Mon, 05 Sep 2016 15:32:50 +0200},
  biburl    = {http://dblp.uni-trier.de/rec/bib/conf/uss/2016},
  bibsource = {dblp computer science bibliography, http://dblp.org}
}

@misc{2015/peikert-soliloquy,
  year = {2015},
  author = {Chris Peikert},
  title = {What does {GCHQ's} ``cautionary tale'' mean for lattice cryptography?},
  note = {\url{https://web.eecs.umich.edu/~cpeikert/soliloquy.html}}
}

@article{2016/peikert-decade,
  author    = {Chris Peikert},
  title     = {A Decade of Lattice Cryptography},
  journal   = {Foundations and Trends in Theoretical Computer
Science},
  volume    = {10},
  number    = {4},
  pages     = {283--424},
  year      = {2016},
  url       = {http://dx.doi.org/10.1561/0400000074},
  doi       = {10.1561/0400000074},
  timestamp = {Sat, 09 Apr 2016 17:51:33 +0200},
  biburl    =
{http://dblp.uni-trier.de/rec/bib/journals/fttcs/Peikert16},
  bibsource = {dblp computer science bibliography,
http://dblp.org}
}

@book{2002/micciancio,
  title={Complexity of Lattice Problems: A Cryptographic Perspective},
  author={Daniele Micciancio and Shafi Goldwasser},
  isbn={9780792376880},
  lccn={2002016053},
  series={The Springer International Series in Engineering and Computer Science},
  url={https://books.google.nl/books?id=N4lHlGwy1AUC},
  year={2002},
  publisher={Springer US}
}



@incollection{2010/regev-approximation,
  author    = {Oded Regev},
  title     = {On the Complexity of Lattice Problems with Polynomial Approximation
               Factors},
  booktitle = {The {LLL} Algorithm - Survey and Applications},
  pages     = {475--496},
  year      = {2010},
  crossref  = {DBLP:series/isc/364202294},
  url       = {http://dx.doi.org/10.1007/978-3-642-02295-1_15},
  doi       = {10.1007/978-3-642-02295-1_15},
  timestamp = {Thu, 05 Sep 2013 10:19:53 +0200},
  biburl    = {http://dblp.uni-trier.de/rec/bib/series/isc/Regev10},
  bibsource = {dblp computer science bibliography, http://dblp.org}
}

@book{DBLP:series/isc/364202294,
  editor    = {Phong Q. Nguyen and
               Brigitte Vall{\'{e}}e},
  title     = {The {LLL} Algorithm - Survey and Applications},
  series    = {Information Security and Cryptography},
  publisher = {Springer},
  year      = {2010},
  url       = {http://dx.doi.org/10.1007/978-3-642-02295-1},
  doi       = {10.1007/978-3-642-02295-1},
  isbn      = {978-3-642-02294-4},
  timestamp = {Thu, 05 Sep 2013 10:18:41 +0200},
  biburl    = {http://dblp.uni-trier.de/rec/bib/series/isc/364202294},
  bibsource = {dblp computer science bibliography,
http://dblp.org}
}

@misc{2013/micciancio,
  author = {Daniele Micciancio},
  year = {2013},
  title = {Foundations of Lattice Cryptography},
  note = {\url{http://www.math.uci.edu/~asilverb/Lattices/Slides/Daniele1uci13-handout.pdf}}
}


@inproceedings{2016/cramer-stickelberger,
  author    = {Ronald Cramer and
               L{\'{e}}o Ducas and
               Benjamin Wesolowski},
  editor    = {Jean{-}S{\'{e}}bastien Coron and
               Jesper Buus Nielsen},
  title     = {Short {Stickelberger} Class Relations and Application to {Ideal-SVP}},
  booktitle = {Advances in Cryptology - {EUROCRYPT} 2017 - 36th Annual International
               Conference on the Theory and Applications of Cryptographic Techniques,
               Paris, France, April 30 - May 4, 2017, Proceedings, Part {I}},
  series    = {Lecture Notes in Computer Science},
  volume    = {10210},
  pages     = {324--348},
  year      = {2017},
  url       = {http://dx.doi.org/10.1007/978-3-319-56620-7_12},
  note       = {\url{https://eprint.iacr.org/2016/885}},
  doi       = {10.1007/978-3-319-56620-7_12},
  timestamp = {Mon, 10 Apr 2017 15:08:47 +0200},
  biburl    = {http://dblp.dagstuhl.de/rec/bib/conf/eurocrypt/CramerDW17},
  bibsource = {dblp computer science bibliography, http://dblp.org}
}


@inproceedings{Cheon2015,
  Title                    = {Cryptanalysis of the Multilinear Map over the Integers},
  Author                   = {Cheon, Jung Hee and Han, Kyoohyung and Lee, Changmin and Ryu, Hansol and Stehl{\'e}, Damien},
  Editor                   = {Oswald, Elisabeth and Fischlin, Marc},
  Pages                    = {3--12},
  Publisher                = {Springer Berlin Heidelberg},
  Year                     = {2015},
  Address                  = {Berlin, Heidelberg},
  Booktitle                = {Advances in Cryptology -- EUROCRYPT 2015: 34th Annual International Conference on the Theory and Applications of Cryptographic Techniques, Sofia, Bulgaria, April 26-30, 2015, Proceedings, Part I},
  Doi                      = {10.1007/978-3-662-46800-5_1},
  ISBN                     = {978-3-662-46800-5},
  Url                      = {http://dx.doi.org/10.1007/978-3-662-46800-5_1}
}

@inproceedings{DBLP:conf/crypto/Gentry10,
  author    = {Craig Gentry},
  title     = {Toward Basing Fully Homomorphic Encryption on Worst-Case Hardness},
  booktitle = {Advances in Cryptology - {CRYPTO} 2010, 30th Annual Cryptology Conference,
               Santa Barbara, CA, USA, August 15-19, 2010. Proceedings},
  pages     = {116--137},
  year      = {2010},
  crossref  = {DBLP:conf/crypto/2010},
  url       = {http://dx.doi.org/10.1007/978-3-642-14623-7_7},
  doi       = {10.1007/978-3-642-14623-7_7},
  timestamp = {Tue, 17 Aug 2010 15:09:53 +0200},
  biburl    = {http://dblp.uni-trier.de/rec/bib/conf/crypto/Gentry10},
  bibsource = {dblp computer science bibliography, http://dblp.org}
}

@proceedings{DBLP:conf/crypto/2010,
  editor    = {Tal Rabin},
  title     = {Advances in Cryptology - {CRYPTO} 2010, 30th Annual Cryptology Conference,
               Santa Barbara, CA, USA, August 15-19, 2010. Proceedings},
  series    = {Lecture Notes in Computer Science},
  volume    = {6223},
  publisher = {Springer},
  year      = {2010},
  url       = {http://dx.doi.org/10.1007/978-3-642-14623-7},
  doi       = {10.1007/978-3-642-14623-7},
  isbn      = {978-3-642-14622-0},
  timestamp = {Tue, 17 Aug 2010 15:08:02 +0200},
  biburl    = {http://dblp.uni-trier.de/rec/bib/conf/crypto/2010},
  bibsource = {dblp computer science bibliography, http://dblp.org}
}

@InBook{Coron2015,
  Title                    = {New Multilinear Maps Over the Integers},
  Author                   = {Coron, Jean-S{\'e}bastien and Lepoint, Tancr{\`e}de and Tibouchi, Mehdi},
  Editor                   = {Gennaro, Rosario and Robshaw, Matthew},
  Pages                    = {267--286},
  Publisher                = {Springer Berlin Heidelberg},
  Year                     = {2015},

  Address                  = {Berlin, Heidelberg},

  Booktitle                = {Advances in Cryptology -- CRYPTO 2015: 35th Annual Cryptology Conference, Santa Barbara, CA, USA, August 16-20, 2015, Proceedings, Part I},
  Doi                      = {10.1007/978-3-662-47989-6_13},
  ISBN                     = {978-3-662-47989-6},
  Url                      = {http://dx.doi.org/10.1007/978-3-662-47989-6_13}
}

@inproceedings{2015/bos,
  author    = {Joppe W. Bos and
               Craig Costello and
               Michael Naehrig and
               Douglas Stebila},
  title     = {Post-Quantum Key Exchange for the {TLS} Protocol from the Ring Learning
               with Errors Problem},
  booktitle = {2015 {IEEE} Symposium on Security and Privacy, {SP} 2015, San Jose,
               CA, USA, May 17-21, 2015},
  pages     = {553--570},
  publisher = {{IEEE} Computer Society},
  year      = {2015},
  url       = {http://dx.doi.org/10.1109/SP.2015.40},
  doi       = {10.1109/SP.2015.40},
  timestamp = {Tue, 10 May 2016 13:48:00 +0200},
  biburl    = {http://dblp.uni-trier.de/rec/bib/conf/sp/BosCNS15},
  bibsource = {dblp computer science bibliography, http://dblp.org}
}

@inproceedings{2017/biasse-generator,
  author    = {Jean{-}Fran{\c{c}}ois Biasse and
               Thomas Espitau and
               Pierre{-}Alain Fouque and
               Alexandre G{\'{e}}lin and
               Paul Kirchner},
  editor    = {Jean{-}S{\'{e}}bastien Coron and
               Jesper Buus Nielsen},
  title     = {Computing Generator in Cyclotomic Integer Rings},
  booktitle = {Advances in Cryptology - {EUROCRYPT} 2017 - 36th Annual International
               Conference on the Theory and Applications of Cryptographic Techniques,
               Paris, France, April 30 - May 4, 2017, Proceedings, Part {I}},
  series    = {Lecture Notes in Computer Science},
  volume    = {10210},
  pages     = {60--88},
  year      = {2017},
  url       = {http://dx.doi.org/10.1007/978-3-319-56620-7_3},
  note = {\url{https://eprint.iacr.org/2017/142}},
  doi       = {10.1007/978-3-319-56620-7_3},
  timestamp = {Mon, 10 Apr 2017 15:08:47 +0200},
  biburl    = {http://dblp.dagstuhl.de/rec/bib/conf/eurocrypt/BiasseEFGK17},
  bibsource = {dblp computer science bibliography, http://dblp.org}
}

@article {1994/lemmermeyer,
    AUTHOR = {Lemmermeyer, Franz},
     TITLE = {Kuroda's class number formula},
   JOURNAL = {Acta Arith.},
  FJOURNAL = {Acta Arithmetica},
    VOLUME = {66},
      YEAR = {1994},
    NUMBER = {3},
     PAGES = {245--260},
      ISSN = {0065-1036},
   MRCLASS = {11R29 (11R16)},
  MRNUMBER = {1276992},
MRREVIEWER = {Charles J. Parry},
}

@incollection {2004/bernstein-focus,
    AUTHOR = {Bernstein, Daniel J.},
     TITLE = {Doubly focused enumeration of locally square polynomial
              values},
 BOOKTITLE = {High primes and misdemeanours: lectures in honour of the 60th
              birthday of {H}ugh {C}owie {W}illiams},
    SERIES = {Fields Inst. Commun.},
    VOLUME = {41},
     PAGES = {69--76},
 PUBLISHER = {Amer. Math. Soc., Providence, RI},
      YEAR = {2004},
   MRCLASS = {11Y70 (11Y16)},
  MRNUMBER = {2075648},
MRREVIEWER = {Duncan A. Buell},
}

@inproceedings{2016/coron,
  author    = {Jean{-}S{\'{e}}bastien Coron and
               Moon Sung Lee and
               Tancr{\`{e}}de Lepoint and
               Mehdi Tibouchi},
  editor    = {Matthew Robshaw and
               Jonathan Katz},
  title     = {Cryptanalysis of {GGH15} Multilinear Maps},
  booktitle = {Advances in Cryptology - {CRYPTO} 2016 - 36th Annual International
               Cryptology Conference, Santa Barbara, CA, USA, August 14-18, 2016,
               Proceedings, Part {II}},
  series    = {Lecture Notes in Computer Science},
  volume    = {9815},
  pages     = {607--628},
  publisher = {Springer},
  year      = {2016},
  url       = {http://dx.doi.org/10.1007/978-3-662-53008-5_21},
  doi       = {10.1007/978-3-662-53008-5_21},
  timestamp = {Wed, 27 Jul 2016 12:46:29 +0200},
  biburl    = {http://dblp.dagstuhl.de/rec/bib/conf/crypto/CoronLLT16},
  bibsource = {dblp computer science bibliography, http://dblp.org}
}

@inproceedings{2016/neumaier,
  author    = {Arnold Neumaier and
               Damien Stehl{\'{e}}},
  editor    = {Sergei A. Abramov and
               Eugene V. Zima and
               Xiao{-}Shan Gao},
  title     = {Faster {LLL}-type Reduction of Lattice Bases},
  booktitle = {Proceedings of the {ACM} on International Symposium on Symbolic and
               Algebraic Computation, {ISSAC} 2016, Waterloo, ON, Canada, July 19-22,
               2016},
  pages     = {373--380},
  publisher = {{ACM}},
  year      = {2016},
  url       = {http://doi.acm.org/10.1145/2930889.2930917},
  doi       = {10.1145/2930889.2930917},
  timestamp = {Tue, 19 Jul 2016 11:33:18 +0200},
  biburl    = {http://dblp.uni-trier.de/rec/bib/conf/issac/NeumaierS16},
  bibsource = {dblp computer science bibliography, http://dblp.org}
}
